
@article{nielsen_kuznets_1997,
  title = {The Kuznets Curve and the Great U-Turn: Income Inequality in {U.S.} Counties, 1970 to 1990},
	volume = {62},
	issn = {00031224},
	shorttitle = {The Kuznets Curve and the Great U-Turn},
	url = {http://www.jstor.org/discover/10.2307/2657450?uid=3737760&uid=2129&uid=2134&uid=2&uid=70&uid=4&sid=21103116379167},
	doi = {10.2307/2657450},
	number = {1},
	urldate = {2013-12-13},
	journal = {American Sociological Review},
	author = {Nielsen, Francois and Alderson, Arthur S.},
	month = feb,
	year = {1997},
	pages = {12},
}

@book{GVK021976228,
  added-at = {2009-08-21T12:30:14.000+0200},
  address = {Washington, DC},
  author = {Okun, {Arthur M.}},
  biburl = {http://www.bibsonomy.org/bibtex/2007ebdf0b305a15a87d0dac18c4f1ae6/fbw_hannover},
  interhash = {459e75361893be20ffa179b134f392ec},
  intrahash = {007ebdf0b305a15a87d0dac18c4f1ae6},
  isbn = {0815764758},
  keywords = {Gerechtigkeit Marktwirtschaft},
  pagetotal = {XI, 124},
  ppn_gvk = {021976228},
  publisher = {Brookings Inst.},
  series = {The Godkin lectures on the essentials of free government and the duties of the citizen},
  subtitle = {the big tradeoff},
  timestamp = {2009-08-21T12:30:14.000+0200},
  title = {Equality and efficiency},
  url = {http://gso.gbv.de/DB=2.1/CMD?ACT=SRCHA&SRT=YOP&IKT=1016&TRM=ppn+021976228&sourceid=fbw_bibsonomy},
  year = 1975
}

@article{kuznets1955economic,
  added-at = {2012-12-05T01:19:39.000+0100},
  author = {Kuznets, Simon},
  biburl = {http://www.bibsonomy.org/bibtex/2b7d549e03d795d9a52eaf076052350d6/hackstutz},
  interhash = {ad9776d1b235885f0f1e783c5a203141},
  intrahash = {b7d549e03d795d9a52eaf076052350d6},
  journal = {The American Economic Review},
  keywords = {growth inequality kuznets},
  number = 1,
  pages = {1--28},
  publisher = {JSTOR},
  timestamp = {2012-12-05T01:19:39.000+0100},
  title = {Economic growth and income inequality},
  volume = 45,
  year = 1955
}

@inbook{Katz2000,
  added-at = {2010-03-02T17:25:53.000+0100},
  address = {Cambridge, MA},
  author = {Katz, Lawrence F.},
  bdsk-url-1 = {http://books.google.com/books?id=dpf2hL6E-GcC},
  biburl = {http://www.bibsonomy.org/bibtex/291108729cf36341cfc5249eec659e18e/jrennstich},
  booktitle = {Understanding the digital economy: Data, tools, and research},
  date-modified = {2010-02-28 21:03:33 -0500},
  editor = {Brynjolfsson, Erik and Kahin, Brian},
  interhash = {32407cec02e5dcc987ede4f541c87e3e},
  intrahash = {91108729cf36341cfc5249eec659e18e},
  keywords = {change commercial digital economy ict impact labor technology},
  pages = {217--244},
  publisher = {MIT Press},
  timestamp = {2010-03-02T17:25:53.000+0100},
  title = {Technological Change, Computerization, and the Wage Structure},
  year = 2000
}

@book{dell2005income,
  title={Income and Wealth Concentration in Switzerland Over the 20th Century},
  author={Dell, F. and Piketty, T. and Saez, E.},
  series={Discussion paper series, no. 5090},
  url={http://books.google.ch/books?id=Uw-dMQEACAAJ},
  year={2005},
  publisher={Centre for Economic Policy Research}
}

@incollection{Abele1977,
  author = {Abele, Hanns and Luethi, Ambros},
  year = 1977,
  title = {La Repartition personnelle des revenus en suisse entre 1941 et 1972},
  booktitle = {La politique économique de la Suisse},
  publisher={Editions Universitaires}
}

@book{arthur1975equality,
  title={Equality and Efficiency, the Big Tradeoff},
  author={Arthur M. Okun},
  isbn={9780815716747},
  lccn={75005162},
  series={G - Reference,Information and Interdisciplinary Subjects Series},
  year={1975},
  publisher={Brookings Institution}
}

@book{buhmann1988,
  title = {Wohlstand und Armut in der Schweiz : eine empirische Analyse für 1982},
  series = {Basler sozialökonomische Studien},
  author = {Buhmann, Brigitte I.},
  publisher = {{Grüsch : Rüegger}},
  year = 1988
}

@book{ernst1983wohlstandsverteilung,
  title={Die Wohlstandsverteilung in der Schweiz},
  author={Ernst, Urs},
  series={Basler sozial{\"o}konomische Studien},
  year={1983},
  publisher={R{\"u}egger}
}


@book{
atkinson1995,
title = {Income distribution in advanced economies : the evidence from the Luxembourg income study (LIS)},
series = {Working paper series / Luxembourg Income Study},
author = {Atkinson, Anthony B.},
year = 1995
}

@book{suter2002,
    author = {Suter, Christian and Mathey, Marie-Claire},
    citeulike-article-id = {6166514},
    keywords = {migrants, social-security, statistical-data, switzerland},
    location = {Neuch\^{a}tel},
    pages = {80 S. ; 4'+},
    posted-at = {2009-11-19 15:01:56},
    priority = {2},
    publisher = {Bundesamt f\"{u}r Statistik},
    title = {{Wirksamkeit und Umverteilungseffekte staatlicher Sozialleistungen : Zusatzauswertungen zur nationalen Armutsstudie}},
    year = {2002}
}

@TechReport{foerster2005,
  author={Michael F. Förster and Marco Mira d'Ercole},
  title={Income Distribution and Poverty in OECD Countries in the Second Half of the 1990s},
  year=2005,
  month=Mar,
  institution={OECD Publishing},
  type={OECD Social, Employment and Migration Working Papers},
  number={22},
  abstract={This report provides evidence on income distribution and poverty in 27 OECD countries over the second half of the 1990s, using data that correct for many of the features that limit cross-country and intertemporal comparisons in this field. Patterns for income distribution and relative poverty in the second half of the 1990s — a period of significant improvement in labour market conditions in most OECD countries — conform to many of the longer-term trends identified in previous OECD analysis, but also highlight some significant departures. Inequality in the distribution of household disposable income among the total population increased slightly over the second half of the 1990s, continuing the trend of the previous decade. Relative poverty, measured with respect to a threshold set at half of median income, affected in 2000 around 11\% of the OECD population, with an increase since the mid-1990s that is similar to that of the previous decade. Absolute income poverty, which had declined ... Ce rapport examine la distribution des revenus et la pauvreté dans 27 pays de l’OCDE pour la deuxième moitié de la décennie 90, sur la base de données corrigées d’une grande partie des paramètres qui handicapent les comparaisons transnationales et intertemporelles dans ce domaine. L’évolution de la distribution des revenus et de la pauvreté au cours de la deuxième moitié de la décennie 90 – période d’amélioration notable de la situation du marché du travail dans la plupart des pays de l’OCDE – s’inscrit pour une grande part dans le prolongement des tendances à long terme qui se dégageaient des analyses précédentes, mais présente aussi quelques écarts notables par rapport à celles-ci. L’inégalité de la distribution du revenu disponible des ménages sur l’ensemble de la population s’est légèrement accentuée dans la seconde moitié de la décennie 90, prolongeant la tendance observée au cours de la décennie précédente. La pauvret},
  keywords={}
}

@article{isengard2009umverteilung,
  title={Umverteilung als staatliches Regulierungsinstrument: Eine vergleichende Analyse f{\"u}r Deutschland und die Schweiz},
  author={Isengard, Bettina},
  journal={Schweizerische Zeitschrift f{\"u}r Soziologie},
  volume={35},
  number={3},
  year={2009},
  publisher={Seismo}
}

@article{oecd2011,
  title = {Divided We Stand. Why Inequality Keeps Rising},
  author = {Organisation for Economic Cooperation and Development, OECD},
  year = {2011},
  publisher = {OECD Publishing}
}

@article{parker1998income,
  title={Income inequality and the business cycle: a survey of the evidence and some new results},
  author={Parker, Simon C.},
  journal={Journal of Post Keynesian Economics},
  volume={21},
  number={2},
  pages={201--225},
  year={1998},
  publisher={JSTOR}
}
 
@article{deininger1996new,
  title={A new data set measuring income inequality},
  author={Deininger, Klaus and Squire, Lyn},
  journal={The World Bank Economic Review},
  volume={10},
  number={3},
  pages={565--591},
  year={1996},
  publisher={World Bank}
}
 
@article{ravallion2003measuring,
  title={Measuring pro-poor growth},
  author={Ravallion, Martin and Chen, Shaohua},
  journal={Economics letters},
  volume={78},
 number={1},
  pages={93--99},
  year={2003},
  publisher={Elsevier}
}
 
@book{easterly1999did,
  title={How did highly indebted poor countries become highly indebted?: reviewing two decades of debt relief},
  author={Easterly, William Russell},
  volume={2225},
  year={1999},
  publisher={World Bank-free PDF}
}
 
@article{dollar2002growth,
  title={Growth is Good for the Poor},
  author={Dollar,David and Kraay, Aart},
  journal={Journal of Economic Growth},
  volume={7},
 number={3},
  pages={195--225},
  year={2002},
  publisher={ Kluwer Academic Publishers}
}
 
@article{rostow1960process,
  title={The process of economic growth},
  author={Rostow, Walt Whitman},
  year={1960},
  publisher={Clarendon Press Oxford}
}

@misc{maddison2013,
  title={The First Update of the Maddison Project; Re-Estimating Growth Before 1820},
  author={Bolt, Jutta and Jan L. van Zanden},
  year=2013,
  publisher={Maddison Project Working Paper 4}
}